@Book{quinn,
	author = {Michael Quinn},
	title = {Parallel Programming in C with MPI and OpenMP},
	publisher = {Elizabeth A. Jones},
	year = 2004
}

@MISC{karpinski94,
    author = {Marek Karpinski and Wojciech Rytter},
    title = {On a Sublinear Time Parallel Construction of Optimal Binary Search Trees},
    year = {1994}
}

@Article{knuth71,
  author    = {Donald E. Knuth},
  title     = {Optimum Binary Search Trees},
  journal   = {Acta Inf.},
  volume    = {1},
  year      = {1971},
  pages     = {14-25},
  bibsource = {DBLP, http://dblp.uni-trier.de}
}

@InProceedings{mitica,
 author = {Craus, Mitica},
 title = {Parallel and Distributed Solutions for the Optimal Binary Search Tree Problem},
 booktitle = {IWCC '01: Proceedings of the NATO Advanced Research Workshop on Advanced Environments, Tools, and Applications for Cluster Computing-Revised Papers},
 year = {2002},
 pages = {103--117},
 publisher = {Springer-Verlag},
 address = {London, UK},
 }

