@Book{foster,
  author =	 {Ian Foster},
  title = 	 {Designing and Building Parallel Programs},
  publisher = 	 {Addison-Wesley},
  year = 	1995
}

@Article{carriero89,
  author = 	 {Nicholas Carriero and David Gelernter},
  title = 	 {How to Write Parallel Programs: A Guide to the Perplexed},
  journal = 	 {ACM Computing Survey},
  year = 	 1989,
  volume =	 21,
  pages =	 {323--357}
}

